@article{Asterinas,
  author          = {https://github.com/asterinas/asterinas},
  journal         = {},
  number          = {},
  title           = {},
  volume          = {},
  year            = {}
}

@article{exFAT,
  author          = {https://learn.microsoft.com/en-us/windows/win32/fileio/exfat-specification},
  journal         = {},
  number          = {},
  title           = {},
  volume          = {},
  year            = {}
}

@article{readahead,
  author          = {Fengguang Wu},
  journal         = {},
  number          = {},
  title           = {Linux readahead: less tricks for more},
  volume          = {},
  year            = {}
}

@article{test-en,
	author = {Author},
	title = {Title},
	type = {J},
	journal = {Journal},
	date = {2014-04-01},
	language = {english},
}

@article{test-zh,
	author = {作者},
	title = {标题},
	type = {J},
	journal = {期刊},
	date = {2014-04-01},
	language = {chinese},
}

% vim:ts=4:sw=4
